@MISC{mlkit,
    author = {Mads Tofte and Lars Birkedal and Martin Elsman and Niels Hallenberg and Tommy HÃ¸jfeld and Olesen Peter Sestoft},
    title = {Programming with Regions in the MLKit Revised for version 4.3.0},
    year = {2006}
}
